<record><leader>00000cas a22000007a 4500</leader><controlfield tag="001">16066901</controlfield><controlfield tag="008">870624d19101944iauwr ne      0    0eng d</controlfield><datafield ind1=" " ind2=" " tag="010"><subfield code="a">sn 87058396 </subfield></datafield><datafield ind1=" " ind2=" " tag="040"><subfield code="a">INP</subfield><subfield code="b">eng</subfield><subfield code="c">INP</subfield><subfield code="d">OCLCQ</subfield></datafield><datafield ind1=" " ind2=" " tag="042"><subfield code="a">msc</subfield></datafield><datafield ind1="0" ind2="0" tag="245"><subfield code="a">West Union Argo-gazette.</subfield></datafield><datafield ind1="3" ind2="0" tag="246"><subfield code="a">Argo gazette</subfield></datafield><datafield ind1=" " ind2=" " tag="260"><subfield code="a">West Union, Fayette County, Iowa :</subfield><subfield code="b">Walter H. Beall,</subfield><subfield code="c">1910-</subfield></datafield><datafield ind1=" " ind2=" " tag="300"><subfield code="a">v.</subfield></datafield><datafield ind1=" " ind2=" " tag="310"><subfield code="a">Weekly</subfield></datafield><datafield ind1="0" ind2=" " tag="362"><subfield code="a">Vol. 30, no. 31 (Apr. 13, 1910)-</subfield></datafield><datafield ind1="1" ind2=" " tag="362"><subfield code="a">Ceased Sept. 21, 1944.</subfield></datafield><datafield ind1=" " ind2=" " tag="752"><subfield code="a">United States</subfield><subfield code="b">Iowa</subfield><subfield code="c">Fayette</subfield><subfield code="d">West Union.</subfield></datafield><datafield ind1="0" ind2="4" tag="780"><subfield code="t">West Union Argo</subfield><subfield code="w">(DLC)sn 87058395</subfield></datafield><datafield ind1="0" ind2="4" tag="780"><subfield code="t">West Union gazette</subfield><subfield code="w">(DLC)sn 88059747</subfield></datafield><datafield ind1="0" ind2="7" tag="785"><subfield code="t">Fayette County union (West Union, Iowa)</subfield><subfield code="w">(DLC)sn 83025183</subfield></datafield><datafield ind1="0" ind2="7" tag="785"><subfield code="t">Fayette County union and the West Union Argo-gazette</subfield><subfield code="w">(DLC)sn 87058398</subfield></datafield></record>